@InProceedings{hayashi1998,
  author="Hayashi, Chikio",
  editor="Hayashi, Chikio
  and Yajima, Keiji
  and Bock, Hans-Hermann
  and Ohsumi, Noboru
  and Tanaka, Yutaka
  and Baba, Yasumasa",
  title="What is Data Science ? Fundamental Concepts and a Heuristic Example",
  booktitle="Data Science, Classification, and Related Methods",
  year="1998",
  publisher="Springer Japan",
  address="Tokyo",
  pages="40--51",
  abstract="Data Science is not only a synthetic concept to unify statistics, data analysis and their related methods but also comprises its results. It includes three phases, design for data, collection of data, and analysis on data. Fundamental concepts and various methods based on it are discussed with a heuristic example.",
  isbn="978-4-431-65950-1"
}

@article{kuper2001olympic,
  title={The Olympic winter games: Participation and performance},
  author={Kuper, Gerard and Sterken, Elmer},
  journal={University of Groningen, mimeo},
  year={2001}
}

@article{kuperolympicgerard,
  author = {Kuper, Gerard and Sterken, Elmer},
  year = {2001},
  month = {02},
  pages = {},
  title = {Olympic Participation and Performance since 1896},
  journal = {SSRN Electronic Journal},
  doi = {10.2139/ssrn.274295}
}

@article{johnson2004tale,
  title={A tale of two seasons: participation and medal counts at the Summer and Winter Olympic Games},
  author={Johnson, Daniel KN and Ali, Ayfer},
  journal={Social science quarterly},
  volume={85},
  number={4},
  pages={974--993},
  year={2004},
  publisher={Wiley Online Library}
}

@article{bernard2004wins,
  title={Who wins the Olympic Games: Economic resources and medal totals},
  author={Bernard, Andrew B and Busse, Meghan R},
  journal={Review of economics and statistics},
  volume={86},
  number={1},
  pages={413--417},
  year={2004},
  publisher={MIT Press 238 Main St., Suite 500, Cambridge, MA 02142-1046, USA journals~…}
}

@article{pfau2006predicting,
  title={Predicting the medal wins by country at the 2006 winter Olympic Games: An econometrics Approach},
  author={Pfau, Wade D},
  journal={Korean Economic Review},
  volume={22},
  number={2},
  pages={233--247},
  year={2006}
}

@article{schlembach2020forecasting,
  title={Forecasting the Olympic medal distribution during a pandemic: a socio-economic machine learning model},
  author={Schlembach, Christoph and Schmidt, Sascha L and Schreyer, Dominik and Wunderlich, Linus},
  journal={arXiv preprint arXiv:2012.04378},
  year={2020}
}

@inbook{anhalt2018mathematical,
  author = {Anhalt, Cynthia and Staats, Susan and Cortez, Ricardo and Civil, Marta},
  year = {2018},
  month = {01},
  pages = {307-330},
  title = {Mathematical Modeling and Culturally Relevant Pedagogy},
  isbn = {978-3-319-66657-0},
  doi = {10.1007/978-3-319-66659-4_14}
}

@article{hill1925physiological,
  title={The physiological basis of athletic records},
  author={Hill, Archibald Vivian},
  journal={The Scientific Monthly},
  volume={21},
  number={4},
  pages={409--428},
  year={1925},
  publisher={JSTOR}
}

@article{keller1973theory,
  title={A theory of competitive running},
  author={Keller, Joseph B},
  journal={Phys. Today},
  volume={26},
  number={9},
  pages={43--47},
  year={1973}
}

@article{grubb1998models,
  title={Models for comparing athletic performances},
  author={Grubb, HJ},
  journal={Journal of the Royal Statistical Society: Series D (The Statistician)},
  volume={47},
  number={3},
  pages={509--521},
  year={1998},
  publisher={Wiley Online Library}
}

@article{heazlewood2006prediction,
  title={Prediction versus reality: The use of mathematical models to predict elite performance in swimming and athletics at the Olympic Games},
  author={Heazlewood, Timothy},
  journal={Journal of Sports Science \& Medicine},
  volume={5},
  number={4},
  pages={480},
  year={2006},
  publisher={Dept. of Sports Medicine, Medical Faculty of Uludag University}
}

@article{kumarforecasting,
  title={Forecasting biological limits of athletes in sports},
  author={Kumar, Naresh and Rai, LP},
  journal={SCIENCE, SOCIETY AND THE NEW CULTURE},
  pages={407}
}

@article{joyner2008endurance,
  title={Endurance exercise performance: the physiology of champions},
  author={Joyner, Michael J and Coyle, Edward F},
  journal={The Journal of physiology},
  volume={586},
  number={1},
  pages={35--44},
  year={2008},
  publisher={Wiley Online Library}
}

@article{westera2011phenomenology,
  title={Phenomenology of sprinting and endurance: toward a uniform performance assessment model},
  author={Westera, Wim},
  journal={New Studies in Athletics},
  volume={26},
  number={1/2},
  pages={87--99},
  year={2011}
}

@article{galvanmathematical,
  title={Mathematical models at the Olympic Games to predict road events},
  author={Galv{\'a}n, Maryl{\'u} Garc{\i}a and Rojas, Arnulfo Lu{\'e}vanos and Chavarr{\i}a, Sandra L{\'o}pez and Elizondo, Manuel Medina and Mendoza, Jos{\'e} Benito Rivera and Borrego, Arturo Manuel Galindo and Mancilla, Gabriel Aguilera and Lundez, Jorge Luis V{\'a}zquez}
}

@article{godsey2012brian,
  author = {Godsey, Brian},
  year = {2012},
  month = {01},
  pages = {},
  title = {Comparing and Forecasting Performances in Different Events of Athletics Using a Probabilistic Model},
  volume = {8},
  journal = {Journal of Quantitative Analysis in Sports},
  doi = {10.1515/1559-0410.1434}
}

@article{blythe2016prediction,
  title={Prediction and quantification of individual athletic performance of runners},
  author={Blythe, Duncan AJ and Kir{\'a}ly, Franz J},
  journal={PLoS One},
  volume={11},
  number={6},
  pages={e0157257},
  year={2016},
  publisher={Public Library of Science San Francisco, CA USA}
}

@article{zhou2022sports,
  title={Sports Achievement Prediction and Influencing Factors Analysis Combined with Deep Learning Model},
  author={Zhou, Qi},
  journal={Scientific Programming},
  volume={2022},
  year={2022},
  publisher={Hindawi}
}






@phdthesis{burke2016kernel,
  title={Kernel Density Estimation Techniques for Monte Carlo Reactor Analysis.},
  author={Burke, Timothy},
  year={2016}
}

@inproceedings{wkeglarczyk2018kernel,
  title={Kernel density estimation and its application},
  author={W{\k{e}}glarczyk, Stanis{\l}aw},
  booktitle={ITM Web of Conferences},
  volume={23},
  pages={00037},
  year={2018},
  organization={EDP Sciences}
}

@article{rudemo1982empirical,
  title={Empirical choice of histograms and kernel density estimators},
  author={Rudemo, Mats},
  journal={Scandinavian Journal of Statistics},
  pages={65--78},
  year={1982},
  publisher={JSTOR}
}

@article{bowman1984alternative,
  title={An alternative method of cross-validation for the smoothing of density estimates},
  author={Bowman, Adrian W},
  journal={Biometrika},
  volume={71},
  number={2},
  pages={353--360},
  year={1984},
  publisher={Oxford University Press}
}

@article{hall1987extent,
  title={Extent to which least-squares cross-validation minimises integrated square error in nonparametric density estimation},
  author={Hall, Peter and Marron, James Stephen},
  journal={Probability Theory and Related Fields},
  volume={74},
  number={4},
  pages={567--581},
  year={1987},
  publisher={Springer}
}

@article{loader1999bandwidth,
  title={Bandwidth selection: classical or plug-in?},
  author={Loader, Clive R},
  journal={The Annals of Statistics},
  volume={27},
  number={2},
  pages={415--438},
  year={1999},
  publisher={Institute of Mathematical Statistics}
}

@article{woodroofe1970choosing,
  title={On choosing a delta-sequence},
  author={Woodroofe, Michael},
  journal={The Annals of Mathematical Statistics},
  volume={41},
  number={5},
  pages={1665--1671},
  year={1970},
  publisher={JSTOR}
}

@article{hall1980objective,
  title={Objective methods for the estimation of window size in the nonparametric estimation of a density},
  author={Hall, P},
  journal={Unpublished manuscript},
  year={1980}
}

@article{sheather1983data,
  title={A data-based algorithm for choosing the window width when estimating the density at a point},
  author={Sheather, Simon},
  journal={Computational Statistics \& Data Analysis},
  volume={1},
  pages={229--238},
  year={1983},
  publisher={Elsevier}
}

@article{sheather1986improved,
  title={An improved data-based algorithm for choosing the window width when estimating the density at a point},
  author={Sheather, Simon J},
  journal={Computational Statistics \& Data Analysis},
  volume={4},
  number={1},
  pages={61--65},
  year={1986},
  publisher={Elsevier}
}

@article{scott1987biased,
  title={Biased and unbiased cross-validation in density estimation},
  author={Scott, David W and Terrell, George R},
  journal={Journal of the american Statistical association},
  volume={82},
  number={400},
  pages={1131--1146},
  year={1987},
  publisher={Taylor \& Francis}
}

@article{marron1987partitioned,
  title={Partitioned cross-validation},
  author={Marron, James Stephen},
  journal={Econometric Reviews},
  volume={6},
  number={2},
  pages={271--283},
  year={1987},
  publisher={Taylor \& Francis}
}

@inproceedings {lindauer-arxiv21a,
  author = {Marius Lindauer and Katharina Eggensperger and Matthias Feurer and André Biedenkapp and Difan Deng and Carolin Benjamins and Tim Ruhkopf and René Sass and Frank Hutter},
  title = {SMAC3: A Versatile Bayesian Optimization Package for Hyperparameter Optimization},
  booktitle = {ArXiv: 2109.09831},
  year = {2021},
  url = {https://arxiv.org/abs/2109.09831}
}

@article{estevez2020general,
  title={General-purpose hierarchical optimisation of machine learning pipelines with grammatical evolution},
  author={Est{\'e}vez-Velarde, Suilan and Guti{\'e}rrez, Yoan and Almeida-Cruz, Yudivi{\'a}n and Montoyo, Andr{\'e}s},
  journal={Information Sciences},
  year={2020},
  publisher={Elsevier},
  doi={10.1016/j.ins.2020.07.035}
}